@misc{yum-admin,
	title = "Comandos de instalación y eliminación de paquetes de Yum - Página oficial de CentOS",
	howpublished = "\url{https://www.centos.org/docs/5/html/5.1/Deployment_Guide/s1-yum-useful-commands.html}",
	note = "Consultado en 13/11/2016",
}

@misc{yum-proxy,
	title = "Comandos de configuración de proxy con Yum en CentOS - Página oficial de CentOS",
	howpublished = "\url{https://www.centos.org/docs/5/html/yum/sn-yum-proxy-server.html}",
	note = "Consultado en 13/11/2016",
}

@misc{yum-repo,
	title = "Comandos de adición de repositorios a Yum en CentOS - Página oficial de RedHat",
	howpublished = "\url{https://access.redhat.com/documentation/en-US/Red_Hat_Enterprise_Linux/6/html/Deployment_Guide/sec-Managing_Yum_Repositories.html}",
	note = "Consultado en 13/11/2016",
}

@misc{apt-repo,
	title = "Comandos de adición de repositorios a APT en Ubuntu - Manual oficial de Ubuntu",
	howpublished = "\url{http://manpages.ubuntu.com/manpages/wily/man1/add-apt-repository.1.html}",
	note = "Consultado en 13/11/2016",
}

@misc{ssh-man,
	title = "Opciones de uso de Secure Shell - Manual oficial de SSH (OpenBSD)",
	howpublished = "\url{https://www.openssh.com/manual.html}",
	note = "Consultado en 20/11/2016",
}

@misc{webmin-deb,
	title = "Instalación de Webmin en Ubuntu Server - Página oficial de Webmin",
	howpublished = "\url{http://www.webmin.com/deb.html}",
	note = "Consultado en 22/11/2016",
}

@misc{ispconfig,
	title = "Demostración del funcionamiento del administrador web ISPConfig - Página oficial de ISPConfig",
	howpublished = "\url{http://www.ispconfig.org/ispconfig/online-demo/}",
	note = "Consultado en 22/11/2016",
}

@misc{phpmyadmin,
	title = "Guía de instalación de phpMyAdmin en Linux - Página oficial de phpMyAdmin",
	howpublished = "\url{https://docs.phpmyadmin.net/en/latest/setup.html#linux-distributions}",
	note = "Consultado en 23/11/2016",
}

@misc{sed,
	title = "Guía de uso del editor sed - Página oficial del proyecto GNU",
	howpublished = "\url{https://www.gnu.org/software/sed/manual/sed.html}",
	note = "Consultado en 23/11/2016";
}