@misc{strato,
	title = "strato.com",
	howpublished = "\url{https://www.strato.es/vps-linux/}",
	note = "Consultado en 24/10/2016",
}

@misc{alojared,
	title = "alojared.com",
	howpublished = "\url{http://www.alojared.com/vps-administrado-ssd/}",
	note = "Consultado en 24/10/2016",
}

@misc{contabo,
	title = "contabo.com",
	howpublished = "\url{https://contabo.com/?show=ssdvps/}",
	note = "Consultado en 24/10/2016",
}

@misc{axarnet,
	title = "axarnet.com",
	howpublished = "\url{https://www.axarnet.es/servidores-vps/servidor-virtual-privado-no-administrado}",
	note = "Consultado en 24/10/2016",
}

@misc{1and1,
	title = "1and1.com",
	howpublished = "\url{https://www.1and1.es/servidores-virtuales}",
	note = "Consultado en 24/10/2016",
}

@misc{adw,
	title = "adw.com",
	howpublished = "\url{http://www.adw.es/classic-vps.html}",
	note = "Consultado en 24/10/2016",
}

@misc{acens,
	title = "acens.com",
	howpublished = "\url{https://www.acens.com/hosting/hosting-gestionado/servidores-dedicados/}",
	note = "Consultado en 24/10/2016",
}

@misc{hostalia,
	title = "hostalia.com",
	howpublished = "\url{https://www.hostalia.com/dedicados/}",
	note = "Consultado en 24/10/2016",
}

@misc{dinahosting,
	title = "dinahosting.com",
	howpublished = "\url{https://dinahosting.com/dedicados/servidores-administrados}",
	note = "Consultado en 24/10/2016",
}

@misc{dinahosting2,
	title = "dinahosting.com",
	howpublished = "\url{https://dinahosting.com/dedicados/servidores-no-administrados}",
	note = "Consultado en 24/10/2016",
}

@misc{rubinhost,
	title = "rubinhost.com",
	howpublished = "\url{https://www.rubinhost.com/servidores-dedicados-no-administrados}",
	note = "Consultado en 24/10/2016",
}

@misc{egalan,
	title = "egalan.com",
	howpublished = "\url{http://www.egalan.es/servidores-dedicados.html}",
	note = "Consultado en 24/10/2016",
}

@misc{axarnet-descripcion,
	title = "Tipos de Servidores - por Axarnet",
	howpublished = "\url{https://www.axarnet.es/blog/servidor-virtual-vps-administrado-o-no-administrado-%C2%BFcu%C3%A1l-elegir/}",
	note = "Consultado en 24/10/2016",
}

@misc{microsoft-ws,
	title = "Versiones de Windows Server - por Microsoft",
	howpublished = "\url{https://www.microsoft.com/en-us/cloud-platform/windows-server-comparison}",
	note = "Consultado en 24/10/2016",
}

@misc{ws2016nano,
	title = "Windows Server 2016 nano - por Microsoft",
	howpublished = "\url{https://technet.microsoft.com/en-us/windows-server-docs/get-started/getting-started-with-nano-server}",
	note = "Consultado en 24/10/2016",
}

@misc{maas-doc,
	title = "MAAS: Metal As A Service - por Canonical",
	howpublished = "\url{https://maas.ubuntu.com/docs/}",
	note = "Consultado en 26/10/2016",
}

@misc{landscape-doc,
	title = "Landscape - por Canonical",
	howpublished = "\url{https://landscape.canonical.com/static/doc/user-guide/ch01.html}",
	note = "Consultado en 24/10/2016",
}

@misc{centos,
	title = "CentOS, a community-driven software",
	howpublished = "\url{https://www.centos.org/about/}",
	note = "Consultado en 24/10/2016",
}

@misc{redhat,
	title = "Red Hat - por RHEL",
	howpublished = "\url{https://www.redhat.com/en/technologies/linux-platforms/articles/relationship-between-fedora-and-rhel}",
	note = "Consultado en 24/10/2016",
}

@misc{raidSW-HW,
	title = "Hardware RAID vs Software RAID - por RedHat",
	howpublished = "\url{https://access.redhat.com/documentation/en-US/Red_Hat_Enterprise_Linux/3/html/System_Administration_Guide/s1-raid-approaches.html}",
	note = "Consultado en 26/10/2016",
}

@misc{ubuntu-lvm,
	title = "Gestor de volúmenes lógicos (LVM) - por Ubuntu",
	howpublished = "\url{https://help.ubuntu.com/lts/serverguide/advanced-installation.html#lvm}",
	note = "Consultado en 26/10/2016",
}

@misc{ws2012-versions,
	title = "Differences between Standard and Datacenter - WS2012R2",
	howpublished = "\url{https://blogs.technet.microsoft.com/ieitpro/2012/10/08/windows-server-2012-editions/},
	note = "Consultado en 26/10/2016",
}

@misc{virtualbox-networks,
	title = "Tipos de conexión de red en virtualización - por Virtualbox",
	howpublished = "\url{https://www.virtualbox.org/manual/ch06.html},
	note = "Consultado en 27/10/2016",
}

@misc{filesystems,
	title = "Tipos de sistemas de archivos - The Linux Documentation Project",
	howpublished = "\url{http://www.tldp.org/LDP/sag/html/filesystems.html},
	note = "Consultado en 27/10/2016",
}
