@misc{kernel-laptop,
	title = {Documentación oficial de Kernel.org},
	note = {Disponible en \url{https://www.kernel.org/doc/Documentation/laptops/laptop-mode.txt}. Consultado el 19/01/2016}
}

@misc{kernel-sched,
	title = {Documentación oficial de SUSE.org},
	note = {Disponible en \url{https://www.suse.com/documentation/opensuse121/book_tuning/data/sec_tuning_taskscheduler_cfs.html}. Consultado el 19/01/2016}
}

@misc{moodle-iis,
	title = {Mejora de rendimiento de Moodle en IIS - Documentación oficial de Moodle.org},
	note = {Disponible en \url{https://docs.moodle.org/32/en/Performance_recommendations#IIS_performance}. Consultado el 19/01/2016}
}

@misc{mod-deflate,
	title = {Guía e instalación de mod_deflate - Documentación oficial de Apache.org},
	note = {Disponible en \url{http://httpd.apache.org/docs/current/mod/mod_deflate.html}. Consultado el 20/01/2016}
}

@misc{moodle-apache,
	title = {Mejora de rendimiento de Moodle en Apache - Documentación oficial de Moodle.org},
	note = {Disponible en \url{https://docs.moodle.org/32/en/Performance_recommendations#Apache_performance}. Consultado el 19/01/2016}
}