@misc{gzip,
	title = "GNU Gzip, compresión de ficheros en Unix - Página oficial de GNU",
	howpublished = "\url{https://www.gnu.org/software/gzip/manual/gzip.html}",
	note = "Consultado en 04/12/2016",
}

@misc{cron,
	title = "Creación y edición de archivos crontab - Guía oficial de Oracle",
	howpublished = "\url{https://docs.oracle.com/cd/E19455-01/805-7229/6j6q8svfo/index.html}",
	note = "Consultado en 04/12/2016",
}

@misc{cron-sintaxis,
	title = "Sintaxis de un archivo crontab - Guía oficial de Oracle",
	howpublished = "\url{https://docs.oracle.com/cd/E19455-01/805-7229/6j6q8svfm/index.html#sysrescron-62861}",
	note = "Consultado en 04/12/2016",
}

@misc{dmesg,
	title = "El comando DMESG y sus opciones - Guía oficial del Linux Information Project",
	howpublished = "\url{http://www.linfo.org/dmesg.html}",
	note = "Consultado en 04/12/2016",
}

@misc{softlayer-strace,
	title = "Using strace to Monitor System Calls - SoftLayer Blog",
	howpublished = "\url{http://blog.softlayer.com/2013/sysadmin-tips-and-tricks-using-strace-to-monitor-system-calls}",
	note = "Consultado en 04/12/2016",
}