@misc{ab-help,
	title = {Documentación oficial de Apache2 y Apache2-Utils},
	note = {Disponible en \url{https://httpd.apache.org/docs/2.4/programs/ab.html}. Consultado el 22/12/2016}
}

@misc{jmeter-install,
	title = {Instalación de Apache JMeter, según web oficial},
	note = {Disponible en \url{http://jmeter.apache.org/download_jmeter.cgi}. Consultado el 22/12/2016}
}

@misc{ab-tutorial,
	title = {Tutorial oficial de Apache JMeter},
	note = {Disponible en \url{http://jmeter.apache.org/usermanual/build-web-test-plan.html}. Consultado el 22/12/2016}
}

@misc{phoronix-info,
	title = {Repositorio oficial de GitHub de Phoronix-Test-Suite},
	note = {Disponible en \url{https://github.com/phoronix-test-suite/phoronix-test-suite/}. Consultado el 22/12/2016}
}

@misc{phoronix-install,
	title = {Guía de instalación de Phoronix-Test-Suite},
	note = {Disponible en \url{http://www.phoronix-test-suite.com/documentation/phoronix-test-suite.html#InstallationInstructions}. Consultado el 22/12/2016}
}

@misc{xampp-install,
	title = {Web oficial de XAMPP Server},
	note = {Disponible en \url{https://www.apachefriends.org/es/index.html}. Consultado el 23/12/2016}
}

@misc{polymer,
	title = {Web oficial del proyecto Polymer},
	note = {Disponible en \url{https://www.polymer-project.org/1.0/}. Consultado el 23/12/2016}
}

@misc{ruby-doc,
	title = {Documentación oficial del lenguaje de programación Ruby},
	note = {Disponible en \url{http://ruby-doc.org/stdlib-2.0.0/libdoc/benchmark/rdoc/Benchmark.html}. Consultado el 23/12/2016}
}